<record><leader>00000cas a2200000 a 4500</leader><controlfield tag="001">38845878</controlfield><controlfield tag="008">980325d19902007vtuwr ne      0    0eng c</controlfield><datafield ind1=" " ind2=" " tag="010"><subfield code="a">sn 98060028 </subfield></datafield><datafield ind1=" " ind2=" " tag="040"><subfield code="a">NVN</subfield><subfield code="b">eng</subfield><subfield code="c">NVN</subfield><subfield code="d">OCLCQ</subfield><subfield code="d">NVN</subfield><subfield code="d">OCLCQ</subfield><subfield code="d">OCLCF</subfield><subfield code="d">OCLCO</subfield></datafield><datafield ind1=" " ind2=" " tag="019"><subfield code="a">22469295</subfield></datafield><datafield ind1="1" ind2=" " tag="029"><subfield code="a">AU@</subfield><subfield code="b">000013903905</subfield></datafield><datafield ind1=" " ind2=" " tag="037"><subfield code="b">Vermont Times, P.O. Box 940 Webster Road, Shelburne, VT 05482-0940</subfield></datafield><datafield ind1=" " ind2=" " tag="042"><subfield code="a">pcc</subfield></datafield><datafield ind1=" " ind2=" " tag="043"><subfield code="a">n-us-vt</subfield></datafield><datafield ind1=" " ind2=" " tag="090"><subfield code="a">PN4899.C54</subfield><subfield code="b">V47</subfield></datafield><datafield ind1="0" ind2="0" tag="245"><subfield code="a">Vermont times.</subfield></datafield><datafield ind1="1" ind2="6" tag="246"><subfield code="a">Burlington Vermont times,</subfield><subfield code="f">&lt;Dec. 4, 2002-&gt;</subfield></datafield><datafield ind1=" " ind2=" " tag="260"><subfield code="a">Shelburne, Vt. :</subfield><subfield code="b">Vermont Times,</subfield><subfield code="c">1990-2007.</subfield></datafield><datafield ind1=" " ind2=" " tag="300"><subfield code="a">v. :</subfield><subfield code="b">ill. ;</subfield><subfield code="c">43 cm.</subfield></datafield><datafield ind1=" " ind2=" " tag="310"><subfield code="a">Weekly</subfield></datafield><datafield ind1="0" ind2=" " tag="362"><subfield code="a">Vol. 1, no. 1 (Sept. 27, 1990)-v. 12, no. 48 (Nov. 27, 2002) ; Dec. 4, 2002-Aug. 1, 2007.</subfield></datafield><datafield ind1=" " ind2=" " tag="500"><subfield code="a">Title from caption.</subfield></datafield><datafield ind1=" " ind2=" " tag="515"><subfield code="a">Vol. numbering dropped with Dec. 4, 2002.</subfield></datafield><datafield ind1=" " ind2=" " tag="580"><subfield code="a">Formed by the union of: Vanguard press, and: Vermont woman.</subfield></datafield><datafield ind1=" " ind2=" " tag="580"><subfield code="a">Merged with: South county sentinel, to form: Vermont times sentinel.</subfield></datafield><datafield ind1=" " ind2="0" tag="651"><subfield code="a">Chittenden County (Vt.)</subfield><subfield code="v">Newspapers.</subfield></datafield><datafield ind1=" " ind2="0" tag="651"><subfield code="a">Vermont</subfield><subfield code="v">Newspapers.</subfield></datafield><datafield ind1=" " ind2="7" tag="655"><subfield code="a">Newspapers.</subfield><subfield code="2">fast</subfield><subfield code="0">(OCoLC)fst01423814</subfield></datafield><datafield ind1=" " ind2="7" tag="651"><subfield code="a">Vermont.</subfield><subfield code="2">fast</subfield><subfield code="0">(OCoLC)fst01204305</subfield></datafield><datafield ind1=" " ind2="7" tag="651"><subfield code="a">Vermont</subfield><subfield code="z">Chittenden County.</subfield><subfield code="2">fast</subfield><subfield code="0">(OCoLC)fst01211998</subfield></datafield><datafield ind1=" " ind2=" " tag="752"><subfield code="a">United States</subfield><subfield code="b">Vermont</subfield><subfield code="c">Chittenden</subfield><subfield code="d">Shelburne.</subfield></datafield><datafield ind1="1" ind2="4" tag="780"><subfield code="t">Vanguard press</subfield><subfield code="w">(OCoLC)17375734</subfield></datafield><datafield ind1="1" ind2="4" tag="780"><subfield code="t">Vermont woman</subfield><subfield code="w">(OCoLC)38846019</subfield></datafield><datafield ind1="0" ind2="5" tag="780"><subfield code="t">Vox (Shelburne, Vt.)</subfield><subfield code="g">Aug. 5, 1998</subfield><subfield code="w">(DLC)sn 98060027</subfield><subfield code="w">(OCoLC)38844579</subfield></datafield><datafield ind1="0" ind2="1" tag="785"><subfield code="t">Vox (Shelburne, Vt.)</subfield><subfield code="g">Feb. 1, 1995</subfield><subfield code="w">(DLC)sn 98060027</subfield><subfield code="w">(OCoLC)38845769</subfield></datafield><datafield ind1="0" ind2="1" tag="785"><subfield code="t">Vermont woman (2003)</subfield><subfield code="w">(OCoLC)60426762</subfield></datafield><datafield ind1="1" ind2="7" tag="785"><subfield code="t">South county sentinel (Vt.)</subfield></datafield><datafield ind1="1" ind2="7" tag="785"><subfield code="t">Vermont times</subfield><subfield code="w">(OCoLC)172908042</subfield></datafield></record>